@Book{xie2015,
  title = {Dynamic Documents with {R} and knitr},
  author = {Yihui Xie},
  publisher = {Chapman and Hall/CRC},
  address = {Boca Raton, Florida},
  year = {2015},
  edition = {2nd},
  note = {ISBN 978-1498716963},
  url = {http://yihui.name/knitr/},
}


@article{boyd2007indicators,
  title={Indicators of resource use efficiency and environmental performance in fish and crustacean aquaculture},
  author={Boyd, Claude E and Tucker, Craig and McNevin, Aaron and Bostick, Katherine and Clay, Jason},
  journal={Reviews in Fisheries science},
  volume={15},
  number={4},
  pages={327--360},
  year={2007},
  publisher={Taylor \& Francis}
}

@article{bjorn2001salmon,
  title={Salmon lice infection of wild sea trout and Arctic char in marine and freshwaters: the effects of salmon farms},
  author={Bj{\o}rn, PA and Finstad, B and Kristoffersen, R},
  journal={Aquaculture Research},
  volume={32},
  number={12},
  pages={947--962},
  year={2001},
  publisher={Wiley Online Library}
}

@article{nilsen2017vurdering,
  title={Vurdering av lakselusindusert villfiskd{\o}delighet per produksjonsomr{\aa}de i 2016 og 2017. Rapport fra ekspertgrupper for vurdering av lusep{\aa}virkning},
  author={Nilsen, Frank and Ellingsen, Ingrid H and Finstad, Bengt and Jansen, Peder A},
  year={2017},
  publisher={Havforskningsinstituttet}
}

@article{ervik1997regulating,
  title={Regulating the local environmental impact of intensive marine fish farming I. The concept of the MOM system (Modelling-Ongrowing fish farms-Monitoring)},
  author={Ervik, Arne and Hansen, Pia Kupka and Aure, Jan and Stigebrandt, Anders and Johannessen, Per and Jahnsen, Terje},
  journal={Aquaculture},
  volume={158},
  number={1-2},
  pages={85--94},
  year={1997},
  publisher={Elsevier}
}


@article{norge2016miljoovervaaking,
  title={Milj{\o}overv{\aa}king av bunnp{\aa}virkning fra marine akvakulturanlegg},
  author={Norge, Standard},
  journal={Norsk Standard},
  volume={9410},
  pages={2016},
  year={2016}
}


@article{gullestad2017towards,
  title={Towards ecosystem-based fisheries management in Norway--practical tools for keeping track of relevant issues and prioritising management efforts},
  author={Gullestad, Peter and Abotnes, Anne Marie and Bakke, Gunnstein and Skern-Mauritzen, Mette and Nedreaas, Kjell and S{\o}vik, Guldborg},
  journal={Marine Policy},
  volume={77},
  pages={104--110},
  year={2017},
  publisher={Elsevier}
}

@article{kleisner2013exploring,
  title={Exploring patterns of seafood provision revealed in the global Ocean Health Index},
  author={Kleisner, Kristin M and Longo, Catherine and Coll, Marta and Halpern, Ben S and Hardy, Darren and Katona, Steven K and Le Manach, Fr{\'e}d{\'e}ric and Pauly, Daniel and Rosenberg, Andrew A and Samhouri, Jameal F and others},
  journal={Ambio},
  volume={42},
  number={8},
  pages={910--922},
  year={2013},
  publisher={Springer}
}

@article{halpern2014assessing,
  title={Assessing the health of the US West coast with a regional-scale application of the ocean health index},
  author={Halpern, Benjamin S and Longo, Catherine and Scarborough, Courtney and Hardy, Darren and Best, Benjamin D and Doney, Scott C and Katona, Steven K and McLeod, Karen L and Rosenberg, Andrew A and Samhouri, Jameal F},
  journal={Plos one},
  volume={9},
  number={6},
  year={2014},
  publisher={Public Library of Science}
}


@article{zeileis2005zoo,
  title={zoo: S3 infrastructure for regular and irregular time series},
  author={Zeileis, Achim and Grothendieck, Gabor},
  journal={arXiv preprint math/0505527},
  year={2005}
}



@article{glover2019domesticated,
  title={Domesticated escapees on the run: the second-generation monitoring programme reports the numbers and proportions of farmed Atlantic salmon in> 200 Norwegian rivers annually},
  author={Glover, KA and Urdal, Kurt and N{\ae}sje, Tor and Skoglund, Helge and Flor{\o}-Larsen, Bj{\o}rn and Otter{\aa}, H and Fiske, Peder and Heino, M and Aronsen, Tonje and S{\ae}grov, Harald and others},
  journal={ICES Journal of Marine Science},
  volume={76},
  number={4},
  pages={1151--1161},
  year={2019},
  publisher={Oxford University Press}
}

@article{fiske2014overvaaking,
  title={Overv{\aa}king av r{\o}mt oppdrettsfisk i elver om h{\o}sten 2013},
  author={Fiske, Peder and Aronsen, Tonje and Hindar, Kjetil},
  year={2014}
}

@article{taranger2015risk,
  title={Risk assessment of the environmental impact of Norwegian Atlantic salmon farming},
  author={Taranger, Geir Lasse and Karlsen, {\O}rjan and Bannister, Raymond John and Glover, Kevin Alan and Husa, Vivian and Karlsbakk, Egil and Kvamme, Bj{\o}rn Olav and Boxaspen, Karin Kroon and Bj{\o}rn, P{\aa}l Arne and Finstad, Bengt and others},
  journal={ICES Journal of Marine Science},
  volume={72},
  number={3},
  pages={997--1021},
  year={2015},
  publisher={Oxford University Press}
}

@article{aronsen2019romt,
  title={R{\o}mt oppdrettslaks i vassdrag i 2018: Rapport fra det nasjonale overv{\aa}kningsprogrammet},
  author={Aronsen, Tonje and Bakke, Gunnar O and Barlaup, Bj{\o}rn Torgeir and Berntsen, Johan Henrik H{\aa}rdensson and Diserud, Ola H{\aa}vard and Fiske, Peder and Fjeldheim, Per Tommy and Larsen, Bj{\o}rn Flor{\o} and Glover, Kevin and Heino, Mikko Petteri and others},
  journal={Fisken og Havet},
  year={2019},
  publisher={Havforskningsinstituttet}
}

@article{skilbrei2015using,
  title={Using simulated escape events to assess the annual numbers and destinies of escaped farmed Atlantic salmon of different life stages from farm sites in Norway},
  author={Skilbrei, Ove T and Heino, Mikko and Sv{\aa}sand, Terje},
  journal={ICES Journal of Marine Science},
  volume={72},
  number={2},
  pages={670--685},
  year={2015},
  publisher={ICES/CIEM}
}
